@manual{abntTxtAcad2011,
	Address = {Rio de Janeiro},
	Date-Added = {2012-12-15 20:34:08 +0000},
	Date-Modified = {2012-12-15 20:35:25 +0000},
	Month = {mar.},
	Org-Short = {ABNT},
	Organization = {Associa{\c c}\~ao Brasileira de Normas T\'ecnicas},
	Pages = 15,
	Subtitle = {Informa{\c c}\~ao e documenta{\c c}\~ao --- trabalhos acad\^emicos --- apresenta{\c c}\~ao},
	Title = {{NBR} 14724},
	Year = 2011}
% --- 
@article{atzori2010internet,
  title={The internet of things: A survey},
  author={Atzori, Luigi and Iera, Antonio and Morabito, Giacomo},
  journal={Computer networks},
  volume={54},
  number={15},
  pages={2787--2805},
  year={2010},
  publisher={Elsevier}
}
@book{giusto2010internet,
  title={The internet of things: 20th Tyrrhenian workshop on digital communications},
  author={Giusto, Daniel and Iera, Antonio and Morabito, Giacomo and Atzori, Luigi},
  year={2010},
  publisher={Springer Science \& Business Media}
}

@article{christidis2016blockchains,
  title={Blockchains and smart contracts for the internet of things},
  author={Christidis, Konstantinos and Devetsikiotis, Michael},
  journal={Ieee Access},
  volume={4},
  pages={2292--2303},
  year={2016},
  publisher={Ieee}
}

@article{christidis2016blockchains,
  title={Blockchains and smart contracts for the internet of things},
  author={Christidis, Konstantinos and Devetsikiotis, Michael},
  journal={Ieee Access},
  volume={4},
  pages={2292--2303},
  year={2016},
  publisher={Ieee}
}


@article{defCloud2010,
  title={The NIST Definition of Cloud Computing},
  author={Mell, P. and Grance, T},
  pages={800-145},
  year={2010},
  publisher={NIST Special Publication}
}

@book{comparison2013,
  title={A Comparison of On-premise to Cloud Migration Approaches},
  author={Claus Pahl, Huanhuan Xiong, Ray Walshe},
  year={2013},
  publisher={IC4, Dublin City University}
}

@article{yli11current,
  title={Where is current research on Blockchain technology},
  author={Yli-Huumo, Jesse and Ko, Deokyoon and Choi, Sujin and Park, Sooyong and Smolander, Kari},
  journal={A Systematic Review},
  volume={11},
  year={2016},
  pages={e0163477}
}

@article{myers2016improving,
  title={Improving API usability},
  author={Myers, Brad A and Stylos, Jeffrey},
  journal={Communications of the ACM},
  volume={59},
  number={6},
  pages={62--69},
  year={2016},
  publisher={ACM New York, NY, USA}
}

% ---
@manual{abntex2modelo,
	Author = {Lauro C{\'e}sar Araujo},
	Date-Added = {2013-01-12 22:55:32 +0000},
	Date-Modified = {2015-04-27 22:43:32 +0000},
	Organization = {Equipe abnTeX2},
	Title = {Modelo Can{\^o}nico de Trabalho Acad{\^e}mico com abnTeX2},
	Url = {http://www.abntex.net.br/},
	Year = {2015},
	Bdsk-Url-1 = {http://www.abntex.net.br/}
}
@book{veras2012,
	Address = {Rio de Janeiro},
	Author = {Manoel Veras},
	Date-Added = {2012},
	Date-Modified = {2012},
	Edition = {3},
	Organization = {http://www.sistemas24horas.com.br/aulas/files_semi2018/Computacao-nas-nuvens-Manoel\%20Veras\%20-\%20Cloud\%20Computing\%20-\%20Nova\%20Arquitetura\%20da\%20TI.pdf},
	Publisher = {Brasport Livros e Multim{\'\i}dia Ltda.},
	Title = {Cloud Computing. Nova Arquitetura da TI},
	Urlaccessdate = {02 mai 2022},
	Year = {2012}
    }
    
    @article{WPcloud,
  title={White Paper. Cloud Computing},
  author={ACM, White Paper
  },
  journal={Communications of the ACM},
  pages={6},
  year={2012},
  publisher={SATW}
}

    @book{,
	Address = {ZÃ¼rich},
	Author = {WP},
	Date-Added = {2012},
	Date-Modified = {2012},
	Edition = {3},
	Organization = {https://widmer.ch/fileadmin/templates/publikationen/20121106_SATW_WhitePaper_CloudComputing_EN.pdf},
	Publisher = {Communications of the ACM},
	Title = {},
	Urlaccessdate = {02 mai 2022},
	Year = {2012}
    }
    
@misc{ mirelaTCC,
   author = {Mirella Moro},
   year = {2017},
   Urlaccessdate = {15/03/2017},
   title = {Como Escrever Monografias},
   howpublished = "\url{http://homepages.dcc.ufmg.br/~mirella/doku.php?id=alunos}",
 }
@article{brin1998anatomy,
  title={The anatomy of a large-scale hypertextual web search engine},
  author={Brin, Sergey and Page, Lawrence},
  journal={Computer networks and ISDN systems},
  volume={30},
  number={1},
  pages={107--117},
  year={1998},
  publisher={Elsevier}
}

@article{qian2009,
  title={Cloud computing: An overview},
  author={Ling Qian, Zhiguo Luo, Yujian Du, and Leitao Guo },
  journal={IEEE international conference on cloud computing},
  pages={2},
  year={2009},
  %publisher={Elsevier}
  %volume={30},
  %number={1},
}

@manual{abntCitacoes2002,
	Address = {Rio de Janeiro},
	Date-Added = {2012-12-15 21:43:38 +0000},
	Date-Modified = {2013-01-12 22:17:20 +0000},
	Month = {ago.},
	Org-Short = {ABNT},
	Organization = {Associa{\c c}\~ao Brasileira de Normas T\'ecnicas},
	Pages = 7,
	Subtitle = {Informa{\c c}\~ao e documenta{\c c}\~ao --- Apresenta{\c c}\~ao de cita{\c c}\~oes em documentos},
	Title = {{NBR} 10520},
	Year = 2002}
    
